<?xml version='1.0' encoding='UTF-8'?>
<record xmlns="http://www.loc.gov/MARC21/slim">
  <leader>01904cam a2200433 a 4500</leader>
  <controlfield tag="001">497612</controlfield>
  <controlfield tag="003">NjP</controlfield>
  <controlfield tag="005">20170605130325.0</controlfield>
  <controlfield tag="008">890306s1987    ir       b    000 0 ara d</controlfield>
  <datafield tag="024" ind1="7" ind2=" ">
    <subfield code="a">princeton_aco001817</subfield>
    <subfield code="2">local</subfield>
  </datafield>
  <datafield ind1=" " ind2=" " tag="035">
    <subfield code="a">(OCoLC)26520726</subfield>
  </datafield>
  <datafield ind1=" " ind2=" " tag="035">
    <subfield code="a">(OCoLC)ocn175713586</subfield>
  </datafield>
  <datafield ind1=" " ind2=" " tag="035">
    <subfield code="a">(OCoLC)175713586</subfield>
  </datafield>
  <datafield ind1=" " ind2=" " tag="035">
    <subfield code="a">(CStRLIN)NJPG89-B11138</subfield>
  </datafield>
  <datafield ind1=" " ind2=" " tag="035">
    <subfield code="9">ACH3376TS</subfield>
  </datafield>
  <datafield ind1=" " ind2=" " tag="035">
    <subfield code="a">(NjP)497612</subfield>
  </datafield>
  <datafield ind1=" " ind2=" " tag="040">
    <subfield code="a">NjP</subfield>
    <subfield code="c">PUL</subfield>
    <subfield code="d">PUL</subfield>
  </datafield>
  <datafield ind1=" " ind2=" " tag="049">
    <subfield code="a">PULL</subfield>
  </datafield>
  <datafield ind1=" " ind2=" " tag="079">
    <subfield code="a">ocm26520726</subfield>
  </datafield>
  <datafield ind1="1" ind2=" " tag="100">
    <subfield code="6">880-01</subfield>
    <subfield code="a">Mashkīnī, ʻAlī.</subfield>
  </datafield>
  <datafield ind1="1" ind2="0" tag="240">
    <subfield code="6">880-02</subfield>
    <subfield code="a">Manāfiʻ al-ʻāmmah</subfield>
  </datafield>
  <datafield ind1="1" ind2="0" tag="245">
    <subfield code="6">880-03</subfield>
    <subfield code="a">Kitāb al-manāfiʻ al-ʻāmmah :</subfield>
    <subfield code="b">sharḥ li-kitāb Iḥyāʼ al-mawāt min al-Sharāyiʻ /</subfield>
    <subfield code="c">al-muʼallif ʻAlī al-Mashkīnī.</subfield>
  </datafield>
  <datafield ind1=" " ind2=" " tag="250">
    <subfield code="6">880-04</subfield>
    <subfield code="a">al-Ṭabʻah 1.</subfield>
  </datafield>
  <datafield ind1=" " ind2=" " tag="260">
    <subfield code="6">880-05</subfield>
    <subfield code="a">Qum :</subfield>
    <subfield code="b">Daftar-i Nashr al-Hādī,</subfield>
    <subfield code="c">1407 [1987]</subfield>
  </datafield>
  <datafield ind1=" " ind2=" " tag="300">
    <subfield code="a">201 p. ;</subfield>
    <subfield code="c">25 cm.</subfield>
  </datafield>
  <datafield ind1=" " ind2=" " tag="504">
    <subfield code="a">Includes bibliographical references.</subfield>
  </datafield>
  <datafield ind1="1" ind2="0" tag="600">
    <subfield code="6">880-06</subfield>
    <subfield code="a">Muḥaqqiq al-Ḥillī, Jaʻfar ibn al-Ḥasan,</subfield>
    <subfield code="d">1205 or 1206-1277.</subfield>
    <subfield code="t">Sharāʼiʻ al-Islām.</subfield>
    <subfield code="0">http://id.loc.gov/authorities/names/n96066652</subfield>
  </datafield>
  <datafield ind1=" " ind2="0" tag="650">
    <subfield code="a">Islamic law.</subfield>
    <subfield code="0">http://id.loc.gov/authorities/subjects/sh85068454</subfield>
  </datafield>
  <datafield ind1="0" ind2=" " tag="740">
    <subfield code="6">880-07</subfield>
    <subfield code="a">Manāfiʻ al-ʻāmmah.</subfield>
  </datafield>
  <datafield ind1="1" ind2=" " tag="880">
    <subfield code="6">100-01/r</subfield>
    <subfield code="a">مشكيني، علي.</subfield>
  </datafield>
  <datafield ind1="1" ind2="0" tag="880">
    <subfield code="6">240-02/r</subfield>
    <subfield code="a">منافع العامة</subfield>
  </datafield>
  <datafield ind1="1" ind2="0" tag="880">
    <subfield code="6">245-03/r</subfield>
    <subfield code="a">كتاب المنافع العامة :</subfield>
    <subfield code="b">شرح لكتاب احياء الموات من الشرايع /</subfield>
    <subfield code="c">المؤلف علي المشكيني.</subfield>
  </datafield>
  <datafield ind1=" " ind2=" " tag="880">
    <subfield code="6">250-04/r</subfield>
    <subfield code="a">الطبعة 1.</subfield>
  </datafield>
  <datafield ind1=" " ind2=" " tag="880">
    <subfield code="6">260-05/r</subfield>
    <subfield code="a">قم :</subfield>
    <subfield code="b">دفترا نشر الهادي،</subfield>
    <subfield code="c">1407 [1987]</subfield>
  </datafield>
  <datafield ind1="1" ind2="4" tag="880">
    <subfield code="6">600-06/r</subfield>
    <subfield code="a">محقق الحلي، جعفر بن الحسن،</subfield>
    <subfield code="d">1205 or 1206-1277.</subfield>
    <subfield code="t">شرائع الاسلام.</subfield>
  </datafield>
  <datafield ind1="0" ind2=" " tag="880">
    <subfield code="6">740-07/r</subfield>
    <subfield code="a">منافع العامة.</subfield>
  </datafield>
  <datafield ind1=" " ind2=" " tag="998">
    <subfield code="a">12/04/92</subfield>
    <subfield code="s">9118</subfield>
    <subfield code="n">NjP</subfield>
    <subfield code="w">NJPG89B11138</subfield>
    <subfield code="d">03/06/89</subfield>
    <subfield code="c">JEB</subfield>
    <subfield code="b">NIE</subfield>
    <subfield code="i">921204</subfield>
    <subfield code="l">NJPG</subfield>
  </datafield>
  <datafield ind1=" " ind2=" " tag="911">
    <subfield code="a">19921211</subfield>
  </datafield>
  <datafield ind1=" " ind2=" " tag="912">
    <subfield code="a">19921204000000.0</subfield>
  </datafield>
  <datafield ind1=" " ind2=" " tag="994">
    <subfield code="a">C0</subfield>
    <subfield code="b">PUL</subfield>
  </datafield>
  <datafield ind1=" " ind2=" " tag="999">
    <subfield code="a">497612</subfield>
  </datafield>
  <datafield ind1="0" ind2="0" tag="852">
    <subfield code="0">541168</subfield>
    <subfield code="b">nec</subfield>
    <subfield code="t">1</subfield>
    <subfield code="h">KBP370.M84</subfield>
    <subfield code="i">A37 1987</subfield>
  </datafield>
  <datafield ind1="0" ind2="0" tag="852">
    <subfield code="0">541169</subfield>
    <subfield code="b">nec</subfield>
    <subfield code="t">2</subfield>
    <subfield code="h">KBP370.M84</subfield>
    <subfield code="i">A37 1987</subfield>
  </datafield>
  <datafield ind1=" " ind2=" " tag="959">
    <subfield code="a">2000-06-13 00:00:00 -0500</subfield>
  </datafield>
</record>
